<?xml version = "1.0" encoding = "UTF-8"?><OAI-PMH xmlns="http://www.openarchives.org/OAI/2.0/" xmlns:xsi="http://www.w3.org/2001/XMLSchema-instance" xsi:schemaLocation="http://www.openarchives.org/OAI/2.0/ http://www.openarchives.org/OAI/2.0/OAI-PMH.xsd"><ListRecords><record><header><identifier>aleph-publish:010971297</identifier></header><metadata><record xmlns="http://www.ddb.de/professionell/mabxml/mabxml-1.xsd"><leader>00000nM2.01200024------h</leader><controlfield tag="LDR">00000nM2.01200024------h</controlfield><controlfield tag="FMT">MH</controlfield><datafield tag="001" ind1="-" ind2="1"><subfield code="a">HT012819873</subfield></datafield><datafield tag="002" ind1="a" ind2="1"><subfield code="a">20000103</subfield></datafield><datafield tag="003" ind1="-" ind2="1"><subfield code="a">20221031220900.0</subfield></datafield><datafield tag="020" ind1="a" ind2="1"><subfield code="a">2000012-1</subfield><subfield code="b">DNB</subfield></datafield><datafield tag="025" ind1="z" ind2="1"><subfield code="a">2000012-1</subfield></datafield><datafield tag="025" ind1="a" ind2="1"><subfield code="a">02000043X</subfield></datafield><datafield tag="025" ind1="o" ind2="1"><subfield code="a">1072620129</subfield></datafield><datafield tag="026" ind1="-" ind2="1"><subfield code="a">ZDB2000012-1</subfield></datafield><controlfield tag="030">a||u|||||||37</controlfield><datafield tag="036" ind1="a" ind2="1"><subfield code="a">XA-DE</subfield></datafield><datafield tag="037" ind1="b" ind2="1"><subfield code="a">ger</subfield></datafield><controlfield tag="050">a|a|||||||||||</controlfield><controlfield tag="052">p||||||aa||||||</controlfield><datafield tag="060" ind1="-" ind2="1"><subfield code="b">txt</subfield><subfield code="a">Text</subfield></datafield><datafield tag="061" ind1="-" ind2="1"><subfield code="b">n</subfield><subfield code="a">ohne Hilfsmittel zu benutzen</subfield></datafield><datafield tag="062" ind1="-" ind2="1"><subfield code="b">nc</subfield><subfield code="a">Band</subfield></datafield><datafield tag="064" ind1="a" ind2="1"><subfield code="a">Zeitschrift</subfield><subfield code="9">(DE-588)4067488-5</subfield></datafield><datafield tag="070" ind1="-" ind2="1"><subfield code="a">0001</subfield></datafield><datafield tag="070" ind1="a" ind2="1"><subfield code="a">DNB</subfield></datafield><datafield tag="070" ind1="b" ind2="1"><subfield code="a">9001</subfield></datafield><datafield tag="073" ind1="-" ind2="1"><subfield code="a">9,2</subfield></datafield><datafield tag="078" ind1="n" ind2="1"><subfield code="a">NWBib-Zeitschrift</subfield></datafield><datafield tag="200" ind1="b" ind2="1"><subfield code="k">Beethoven-Haus Bonn</subfield><subfield code="4">isb</subfield><subfield code="3">Herausgebendes Organ</subfield><subfield code="9">(DE-588)2085343-9</subfield></datafield><datafield tag="201" ind1="-" ind2="1"><subfield code="k">Beethoven-Haus</subfield></datafield><datafield tag="201" ind1="-" ind2="1"><subfield code="k">Bonner Beethoven-Haus</subfield></datafield><datafield tag="201" ind1="-" ind2="1"><subfield code="k">Bonner Beethovenhaus</subfield></datafield><datafield tag="204" ind1="b" ind2="1"><subfield code="k">Beethoven-Archiv</subfield><subfield code="4">isb</subfield><subfield code="3">Herausgebendes Organ</subfield><subfield code="9">(DE-588)2005424-5</subfield></datafield><datafield tag="205" ind1="-" ind2="1"><subfield code="k">Beethoven-Haus Bonn</subfield><subfield code="b">Beethoven-Archiv</subfield></datafield><datafield tag="331" ind1="-" ind2="1"><subfield code="a">Bonner Beethoven-Studien</subfield></datafield><datafield tag="335" ind1="-" ind2="1"><subfield code="a">Mitteilungen aus dem Beethoven-Haus und Beethoven-Archiv Bonn</subfield></datafield><datafield tag="405" ind1="-" ind2="1"><subfield code="a">1.1999 - 2.2001; 3.2003; 4.2005 - 8.2009; 9.2011 -</subfield></datafield><datafield tag="406" ind1="b" ind2="1"><subfield code="j">1999</subfield></datafield><datafield tag="419" ind1="-" ind2="1"><subfield code="a">Bonn</subfield><subfield code="b">Verl. Beethoven-Haus</subfield><subfield code="c">1999-</subfield><subfield code="A">3</subfield></datafield><datafield tag="419" ind1="-" ind2="1"><subfield code="a">[Leinfelden-Echterdingen]</subfield><subfield code="b">Carus</subfield><subfield code="c">1999-</subfield><subfield code="A">3</subfield></datafield><datafield tag="419" ind1="-" ind2="1"><subfield code="a">Bonn</subfield><subfield code="b">Verl. Beethoven-Haus</subfield><subfield code="c">-5.2006</subfield><subfield code="A">2</subfield></datafield><datafield tag="425" ind1="b" ind2="1"><subfield code="a">1999</subfield></datafield><datafield tag="435" ind1="-" ind2="1"><subfield code="a">24 cm</subfield></datafield><datafield tag="451" ind1="b" ind2="1"><subfield code="a">Veröffentlichungen des Beethoven-Hauses Bonn : Reihe 5</subfield></datafield><datafield tag="523" ind1="-" ind2="1"><subfield code="a">Ersch. jährl.; 2000 u. 2002 u. 2004 u. 2010 nicht ersch.</subfield></datafield><datafield tag="574" ind1="-" ind2="1"><subfield code="a">07,B13,0602</subfield></datafield><datafield tag="583" ind1="-" ind2="1"><subfield code="a">Archivierung/Langzeitarchivierung gewährleistet</subfield><subfield code="c">2020</subfield><subfield code="f">PENW</subfield><subfield code="5">DE-5</subfield><subfield code="2">pdager</subfield></datafield><datafield tag="700" ind1="-" ind2="1"><subfield code="a">780</subfield><subfield code="2">DNB</subfield></datafield><datafield tag="700" ind1="-" ind2="1"><subfield code="a">780</subfield><subfield code="2">ZDB</subfield></datafield><datafield tag="700" ind1="n" ind2="1"><subfield code="a">Bonn</subfield><subfield code="0">https://nwbib.de/spatial#Q586</subfield></datafield><datafield tag="700" ind1="n" ind2="1"><subfield code="a">Komponisten</subfield><subfield code="0">https://nwbib.de/subjects#N824040</subfield></datafield><datafield tag="700" ind1="n" ind2="1"><subfield code="a">Sonstige Museen und Sammlungen</subfield><subfield code="0">https://nwbib.de/subjects#N217090</subfield></datafield><datafield tag="705" ind1="a" ind2="1"><subfield code="a">780.92</subfield><subfield code="e">DDC22ger</subfield></datafield><datafield tag="780" ind1="-" ind2="1"><subfield code="i">Vorg.:</subfield><subfield code="t">Beethoven-Jahrbuch</subfield><subfield code="d">Bonn : Beethovenhaus, 1954-1983</subfield><subfield code="x">0522-5949</subfield><subfield code="A">0</subfield><subfield code="9">HT002184529</subfield></datafield><datafield tag="902" ind1="-" ind2="1"><subfield code="p">Beethoven, Ludwig &lt;&lt;van&gt;&gt;</subfield><subfield code="d">1770-1827</subfield><subfield code="9">(DE-588)118508288</subfield></datafield><datafield tag="902" ind1="-" ind2="1"><subfield code="f">Zeitschrift</subfield></datafield><datafield tag="904" ind1="a" ind2="1"><subfield code="a">DNB</subfield></datafield><datafield tag="907" ind1="-" ind2="1"><subfield code="k">Beethoven-Haus Bonn</subfield><subfield code="9">(DE-588)2085343-9</subfield></datafield><datafield tag="907" ind1="-" ind2="1"><subfield code="f">Zeitschrift</subfield></datafield><datafield tag="909" ind1="a" ind2="1"><subfield code="a">DE-61</subfield><subfield code="a">DE-605</subfield></datafield><controlfield tag="SYS">010971297</controlfield><datafield tag="LOW" ind1="-" ind2="1"><subfield code="a">K0001</subfield></datafield><datafield tag="LOW" ind1="-" ind2="1"><subfield code="a">Q0001</subfield></datafield><datafield tag="LOW" ind1="-" ind2="1"><subfield code="a">X0001</subfield></datafield><datafield tag="LOW" ind1="-" ind2="1"><subfield code="a">RL001</subfield></datafield><datafield tag="LOW" ind1="-" ind2="1"><subfield code="a">Z9042</subfield></datafield><datafield tag="LOW" ind1="-" ind2="1"><subfield code="a">Z9037</subfield></datafield><datafield tag="LOW" ind1="-" ind2="1"><subfield code="a">K1129</subfield></datafield><datafield tag="LOW" ind1="-" ind2="1"><subfield code="a">W0001</subfield></datafield><datafield tag="LOW" ind1="-" ind2="1"><subfield code="a">M0001</subfield></datafield><datafield tag="LOW" ind1="-" ind2="1"><subfield code="a">BDA01</subfield></datafield><datafield tag="952" ind1="-" ind2="1"><subfield code="p">Beethoven, Lovis &lt;&lt;van&gt;&gt;</subfield><subfield code="d">1770-1827</subfield></datafield><datafield tag="952" ind1="-" ind2="1"><subfield code="p">Beethoven, Ludwig &lt;&lt;von&gt;&gt;</subfield><subfield code="d">1770-1827</subfield></datafield><datafield tag="952" ind1="-" ind2="1"><subfield code="p">Bethoven, Ludwig &lt;&lt;von&gt;&gt;</subfield><subfield code="d">1770-1827</subfield></datafield><datafield tag="952" ind1="-" ind2="1"><subfield code="p">Beethoven</subfield><subfield code="d">1770-1827</subfield></datafield><datafield tag="952" ind1="-" ind2="1"><subfield code="p">Beethoven, L. &lt;&lt;de&gt;&gt;</subfield><subfield code="d">1770-1827</subfield></datafield><datafield tag="952" ind1="-" ind2="1"><subfield code="p">Beethoven, L. &lt;&lt;van&gt;&gt;</subfield><subfield code="d">1770-1827</subfield></datafield><datafield tag="952" ind1="-" ind2="1"><subfield code="p">Beethoven, Ludw. &lt;&lt;van&gt;&gt;</subfield><subfield code="d">1770-1827</subfield></datafield><datafield tag="952" ind1="-" ind2="1"><subfield code="p">Beethoven, L. &lt;&lt;v.&gt;&gt;</subfield><subfield code="d">1770-1827</subfield></datafield><datafield tag="952" ind1="-" ind2="1"><subfield code="p">Betchoven, Ljudvig &lt;&lt;van&gt;&gt;</subfield><subfield code="d">1770-1827</subfield></datafield><datafield tag="952" ind1="-" ind2="1"><subfield code="p">Beethoven, Ludovicus &lt;&lt;van&gt;&gt;</subfield><subfield code="d">1770-1827</subfield></datafield><datafield tag="952" ind1="-" ind2="1"><subfield code="p">Bethoven</subfield><subfield code="d">1770-1827</subfield></datafield><datafield tag="952" ind1="-" ind2="1"><subfield code="p">Bei duo fen</subfield><subfield code="d">1770-1827</subfield></datafield><datafield tag="952" ind1="-" ind2="1"><subfield code="p">Beiduofen</subfield><subfield code="d">1770-1827</subfield></datafield><datafield tag="952" ind1="-" ind2="1"><subfield code="p">Beethofen</subfield><subfield code="d">1770-1827</subfield></datafield><datafield tag="952" ind1="-" ind2="1"><subfield code="p">Beethoven, Lewis &lt;&lt;van&gt;&gt;</subfield><subfield code="d">1770-1827</subfield></datafield><datafield tag="952" ind1="-" ind2="1"><subfield code="p">Bethoven, Ludwig &lt;&lt;van&gt;&gt;</subfield><subfield code="d">1770-1827</subfield></datafield><datafield tag="952" ind1="-" ind2="1"><subfield code="p">Betoven, Ludvig &lt;&lt;van&gt;&gt;</subfield><subfield code="d">1770-1827</subfield></datafield><datafield tag="952" ind1="-" ind2="1"><subfield code="p">Betchoven, Ljudvig &lt;&lt;van&gt;&gt;</subfield><subfield code="d">1770-1827</subfield></datafield><datafield tag="952" ind1="-" ind2="1"><subfield code="p">Beethoven, Louis &lt;&lt;van&gt;&gt;</subfield><subfield code="d">1770-1827</subfield></datafield><datafield tag="952" ind1="-" ind2="1"><subfield code="p">Beethoven, Luigi &lt;&lt;van&gt;&gt;</subfield><subfield code="d">1770-1827</subfield></datafield><datafield tag="952" ind1="-" ind2="1"><subfield code="p">Beethoven, Ludvig &lt;&lt;van&gt;&gt;</subfield><subfield code="d">1770-1827</subfield></datafield><datafield tag="952" ind1="-" ind2="1"><subfield code="p">Van Beethoven, Ludwig</subfield><subfield code="d">1770-1827</subfield></datafield><datafield tag="952" ind1="-" ind2="1"><subfield code="p">Beethoven, Ludwik &lt;&lt;van&gt;&gt;</subfield><subfield code="d">1770-1827</subfield></datafield><datafield tag="952" ind1="-" ind2="1"><subfield code="p">Betchoven, L. &lt;&lt;van&gt;&gt;</subfield><subfield code="d">1770-1827</subfield></datafield><datafield tag="957" ind1="-" ind2="1"><subfield code="k">Beethoven-Haus</subfield></datafield><datafield tag="957" ind1="-" ind2="1"><subfield code="k">Bonner Beethoven-Haus</subfield></datafield><datafield tag="957" ind1="-" ind2="1"><subfield code="k">Bonner Beethovenhaus</subfield></datafield><datafield tag="088" ind1=" " ind2=" "><subfield code="a">2187</subfield><subfield code="b">MAG</subfield><subfield code="e">Präsenzbestand</subfield></datafield><datafield tag="088" ind1=" " ind2=" "><subfield code="a">2187</subfield><subfield code="b">Magazin</subfield><subfield code="c">(Einzelsign.)</subfield><subfield code="d">13.2022</subfield></datafield><datafield tag="088" ind1=" " ind2=" "><subfield code="a">1972</subfield></datafield><datafield tag="088" ind1=" " ind2=" "><subfield code="a">575</subfield><subfield code="b">1_Mag1OG</subfield><subfield code="c">BM 800 BeetL 6:4</subfield><subfield code="d">1.1999 - 2.2001; 4.2005 - 8.2009; 9.2011 -</subfield></datafield><datafield tag="088" ind1=" " ind2=" "><subfield code="a">5</subfield><subfield code="c">Z 2000/149</subfield><subfield code="d">1.1999 - 2.2001; 3.2003; 4.2005 - 8.2009; 9.2011 -</subfield></datafield><datafield tag="088" ind1=" " ind2=" "><subfield code="a">6</subfield><subfield code="c">ZD 7791</subfield><subfield code="d">1.1999 -</subfield></datafield><datafield tag="088" ind1=" " ind2=" "><subfield code="a">Kob 7</subfield><subfield code="b">FRHKO</subfield><subfield code="c">MU/C 2014 115</subfield><subfield code="d">8.2009; 9.2011 - 10.2012</subfield></datafield><datafield tag="088" ind1=" " ind2=" "><subfield code="a">38</subfield><subfield code="c">XD475</subfield><subfield code="d">1.1999 -</subfield></datafield><datafield tag="088" ind1=" " ind2=" "><subfield code="a">468</subfield><subfield code="b">21</subfield><subfield code="c">KJIB3585</subfield><subfield code="d">1.1999 -</subfield></datafield><datafield tag="088" ind1=" " ind2=" "><subfield code="a">38/430</subfield><subfield code="c">430/Bg/Beethoven005</subfield><subfield code="d">1.1999 - 2.2001; 4.2005 - 10.2012</subfield></datafield><datafield tag="088" ind1=" " ind2=" "><subfield code="a">61</subfield><subfield code="b">00</subfield><subfield code="c">zy 1432</subfield><subfield code="d">8.2009 -</subfield></datafield><datafield tag="088" ind1=" " ind2=" "><subfield code="a">575/1</subfield></datafield><datafield tag="200" ind1=" " ind2="9"><subfield code="b">13.2022</subfield><subfield code="f">(Einzelsign.)</subfield><subfield code="g">Magazin</subfield><subfield code="2">BDA01</subfield></datafield><datafield tag="700" ind1=" " ind2="9"><subfield code="a">bz 4 Bonn Beet</subfield><subfield code="2">X5010</subfield></datafield><datafield tag="700" ind1=" " ind2="9"><subfield code="a">bm 8003 BeetL.4 Bonn Beet</subfield><subfield code="2">X5010</subfield></datafield><datafield tag="200" ind1=" " ind2="9"><subfield code="b">1.1999 - 2.2001; 4.2005 - 8.2009; 9.2011 -</subfield><subfield code="f">BM 800 BeetL 6:4</subfield><subfield code="g">1_Mag1OG</subfield><subfield code="2">Z9037</subfield></datafield><datafield tag="200" ind1=" " ind2="9"><subfield code="0">1</subfield><subfield code="b">1.1999 - 2.2001; 3.2003; 4.2005 - 8.2009; 9.2011 -</subfield><subfield code="f">Z 2000/149</subfield><subfield code="k">Freihandmagazin 2. UG</subfield><subfield code="2">Q0001</subfield></datafield><datafield tag="200" ind1=" " ind2="9"><subfield code="0">1</subfield><subfield code="b">1.1999 -</subfield><subfield code="c">[N=3]</subfield><subfield code="f">ZD 7791</subfield><subfield code="2">M0001</subfield></datafield><datafield tag="200" ind1=" " ind2="9"><subfield code="b">8.2009; 9.2011 - 10.2012</subfield><subfield code="f">MU/C 2014 115</subfield><subfield code="g">FRHKO</subfield><subfield code="2">RL001</subfield></datafield><datafield tag="200" ind1=" " ind2="9"><subfield code="0">1</subfield><subfield code="b">1.1999 -</subfield><subfield code="f">XD475</subfield><subfield code="2">K0001</subfield></datafield><datafield tag="200" ind1=" " ind2="9"><subfield code="0">1</subfield><subfield code="b">1.1999 -</subfield><subfield code="f">KJIB3585</subfield><subfield code="g">21</subfield><subfield code="2">W0001</subfield></datafield><datafield tag="700" ind1="h" ind2="9"><subfield code="a">KJIB</subfield><subfield code="2">W0001</subfield></datafield><datafield tag="200" ind1=" " ind2="9"><subfield code="0">1</subfield><subfield code="b">1.1999 - 2.2001; 4.2005 - 10.2012</subfield><subfield code="f">430/Bg/Beethoven005</subfield><subfield code="2">K1129</subfield></datafield><datafield tag="200" ind1=" " ind2="9"><subfield code="0">1</subfield><subfield code="b">8.2009 -</subfield><subfield code="f">zy 1432</subfield><subfield code="g">00</subfield><subfield code="2">X0001</subfield></datafield></record></metadata></record></ListRecords></OAI-PMH>